@misc{sabic:github:beamerthemefhtw,
  author       = {{Alija Sabic, MSc.}},
  title        = {{Beamer Theme FHTW}},
  howpublished = {\href{https://github.com/sabicalija/beamerthemefhtw}{https://github.com/sabicalija/beamerthemefhtw}},
  month        = sep,
  year         = 2022,
  publisher    = {{GitHub Inc.}}
}